@article{Dehghannasiri2018,
	author = {Dehghannasiri, Roozbeh and Esfahani, Mohammad Shahrokh and Qian, Xiaoning and Dougherty, Edward R.},
	doi = {10.1109/TSP.2017.2788419},
	file = {:home/syuntoku14/OneDrive/Papers/Dehghannasiri et al. - 2018 - Optimal Bayesian Kalman Filtering With Prior Update.pdf:pdf},
	issn = {1053-587X},
	journal = {IEEE Transactions on Signal Processing},
	keywords = {Bayesian robustness,Kalman filter,factor graphs,posterior distribution,uncertain noise statistics},
	month = {apr},
	number = {8},
	pages = {1982--1996},
	publisher = {IEEE},
	title = {{Optimal Bayesian Kalman Filtering With Prior Update}},
	url = {http://ieeexplore.ieee.org/document/8246477/},
	volume = {66},
	year = {2018}
}
